@article{Fenner1973,
   author = {Axel Fenner and Ulrike Schalk and Heidi Hoenicke and Adelheid Wendenburg and Thomas Roehling},
   doi = {10.1203/00006450-197304000-00020},
   issn = {0031-3998},
   issue = {4},
   journal = {Pediatric Research},
   month = {4},
   pages = {174-183},
   title = {Periodic Breathing in Premature and Neonatal Babies: Incidence, Breathing Pattern, Respiratory Gas Tensions, Response to Changes in the Composition of Ambient Air},
   volume = {7},
   url = {http://www.nature.com/doifinder/10.1203/00006450-197304000-00020},
   year = {1973},
}
@article{Mathew1985,
   author = {Oommen P. Mathew and Mark L. Clark and Maria H. Pronske},
   doi = {10.1002/ppul.1950010407},
   issn = {87556863},
   issue = {4},
   journal = {Pediatric Pulmonology},
   month = {7},
   pages = {204-206},
   title = {Breathing pattern of neonates during nonnutritive sucking},
   volume = {1},
   url = {http://doi.wiley.com/10.1002/ppul.1950010407},
   year = {1985},
}

@article{Mencar2020,
   author = {Corrado Mencar and Crescenzio Gallo and Marco Mantero and Paolo Tarsia and Giovanna E Carpagnano and Maria P Foschino Barbaro and Donato Lacedonia},
   doi = {10.1177/1460458218824725},
   issn = {1460-4582},
   issue = {1},
   journal = {Health Informatics Journal},
   month = {3},
   pages = {298-317},
   title = {Application of machine learning to predict obstructive sleep apnea syndrome severity},
   volume = {26},
   url = {http://journals.sagepub.com/doi/10.1177/1460458218824725},
   year = {2020},
}
@article{Feng2020,
   author = {Kaicheng Feng and Hengji Qin and Shan Wu and Weifeng Pan and Guanzheng Liu},
   doi = {10.1109/TIM.2020.3017246},
   issn = {0018-9456},
   journal = {IEEE Transactions on Instrumentation and Measurement},
   pages = {1-1},
   title = {A Sleep Apnea Detection Method Based on Unsupervised Feature Learning and Single-Lead Electrocardiogram},
   url = {https://ieeexplore.ieee.org/document/9170595/},
   year = {2020},
}
@article{Song2016,
   author = {Changyue Song and Kaibo Liu and Xi Zhang and Lili Chen and Xiaochen Xian},
   doi = {10.1109/TBME.2015.2498199},
   issn = {0018-9294},
   issue = {7},
   journal = {IEEE Transactions on Biomedical Engineering},
   month = {7},
   pages = {1532-1542},
   title = {An Obstructive Sleep Apnea Detection Approach Using a Discriminative Hidden Markov Model From ECG Signals},
   volume = {63},
   url = {http://ieeexplore.ieee.org/document/7320974/},
   year = {2016},
}
@article{Bloch1997,
   author = {Konrad E. Bloch},
   doi = {10.3233/THC-1997-5403},
   issn = {09287329},
   issue = {4},
   journal = {Technology and Health Care},
   month = {7},
   pages = {285-305},
   title = {Polysomnography: a systematic review*},
   volume = {5},
   url = {https://www.medra.org/servlet/aliasResolver?alias=iospress\&doi=10.3233/THC-1997-5403},
   year = {1997},
}
@article{Katz2012,
   author = {Eliot S. Katz and Ron B. Mitchell and Carolyn M. D'Ambrosio},
   doi = {10.1164/rccm.201108-1455CI},
   issn = {1073-449X},
   issue = {8},
   journal = {American Journal of Respiratory and Critical Care Medicine},
   month = {4},
   pages = {805-816},
   title = {Obstructive Sleep Apnea in Infants},
   volume = {185},
   url = {http://www.atsjournals.org/doi/abs/10.1164/rccm.201108-1455CI},
   year = {2012},
}
@article{Frerichs2003,
   abstract = {The aim of our study was to determine the effect of the irregular spontaneous breathing pattern and posture on the spatial distribution of ventilation in neonates free from respiratory disease by the non-invasive imaging method of electrical impedance tomography (EIT). Scanning of spontaneously breathing neonates is the prerequisite for later routine application of EIT in babies with lung pathology undergoing ventilator therapy.},
   author = {Inéz Frerichs and Holger Schiffmann and Robert Oehler and Taras Dudykevych and Günter Hahn and José Hinz and Gerhard Hellige},
   doi = {10.1007/s00134-003-1726-y},
   issn = {1432-1238},
   issue = {5},
   journal = {Intensive Care Medicine},
   pages = {787-794},
   title = {Distribution of lung ventilation in spontaneously breathing neonates lying in different body positions},
   volume = {29},
   url = {https://doi.org/10.1007/s00134-003-1726-y},
   year = {2003},
}
@article{prabu2016performance,
  title={A Performance Analysis of GA-ELM Classifier in Classification of Abnormality Detection in Electrical Impednce Tomography (EIT) Lung Images},
  author={Prabu, R and Harikumar, R},
  year={2016},
  publisher={NISCAIR-CSIR, India}
}
@article{rymarczykimplementing,
  title={Implementing deterministic methods to solve the inverse problem for the model with lungs and heart in the EIT},
  author={RYMARCZYK, Tomasz and STEFANIAK, Barbara and KANIA, Konrad and MAJ, Micha{\l} and NIDERLA, Konrad}
}
@article{rajendran2010hybrid,
  title={Hybrid medical image classification using association rule mining with decision tree algorithm},
  author={Rajendran, Periyasamy and Madheswaran, Muthusamy},
  journal={arXiv preprint arXiv:1001.3503},
  year={2010}
}
@inproceedings{long2015fully,
  title={Fully convolutional networks for semantic segmentation},
  author={Long, Jonathan and Shelhamer, Evan and Darrell, Trevor},
  booktitle={Proceedings of the IEEE conference on computer vision and pattern recognition},
  pages={3431--3440},
  year={2015}
}
@article{singh20203d,
  title={3D Deep Learning on Medical Images: A Review},
  author={Singh, Satya P and Wang, Lipo and Gupta, Sukrit and Goli, Haveesh and Padmanabhan, Parasuraman and Guly{\'a}s, Bal{\'a}zs},
  journal={arXiv preprint arXiv:2004.00218},
  year={2020}
}
@book_section{Fonseca2016,
   author = {Tales L. Fonseca and Leonardo Goliatt and Luciana C. D. Campos and Flávia S. Bastos and Luis Paulo S. Barra and Rodrigo W. dos Santos},
   doi = {10.1007/978-3-319-47955-2_20},
   pages = {235-246},
   title = {Machine Learning Approaches to Estimate Simulated Cardiac Ejection Fraction from Electrical Impedance Tomography},
   url = {http://link.springer.com/10.1007/978-3-319-47955-2\_20},
   year = {2016},
}
@ARTICLE{5424006,
  author={S. I. {Rathnayake} and I. A. {Wood} and U. R. {Abeyratne} and C. {Hukins}},
  journal={IEEE Transactions on Biomedical Engineering},
  title={Nonlinear Features for Single-Channel Diagnosis of Sleep-Disordered Breathing Diseases},
  year={2010},
  volume={57},
  number={8},
  pages={1973-1981},
}
@INPROCEEDINGS{7749468,  author={A. M. {da Silva Pinho} and N. {Pombo} and N. M. {Garcia}},  booktitle={2016 IEEE 18th International Conference on e-Health Networking, Applications and Services (Healthcom)},   title={Sleep apnea detection using a feed-forward neural network on ECG signal},   year={2016},  volume={},  number={},  pages={1-6},}

@book_section{Kuang2019,
   author = {Dongyang Kuang and Tanya Schmah},
   doi = {10.1007/978-3-030-32692-0_74},
   pages = {646-654},
   title = {FAIM – A ConvNet Method for Unsupervised 3D Medical Image Registration},
   url = {http://link.springer.com/10.1007/978-3-030-32692-0\_74},
   year = {2019},
}
@article{Shadi,
   author = {Shadi Al-Zu’bi and Mahmoud Al-Ayyoub and Yaser Jararweh and Mohammed A. Shehab},
   doi = {10.1016/j.procs.2017.08.318},
   issn = {18770509},
   journal = {Procedia Computer Science},
   pages = {531-538},
   title = {Enhanced 3D segmentation techniques for reconstructed 3D medical volumes: Robust and Accurate Intelligent System},
   volume = {113},
   url = {https://linkinghub.elsevier.com/retrieve/pii/S1877050917317283},
   year = {2017},
}
@book_section{Ronneberger2015,
   author = {Olaf Ronneberger and Philipp Fischer and Thomas Brox},
   doi = {10.1007/978-3-319-24574-4_28},
   pages = {234-241},
   title = {U-Net: Convolutional Networks for Biomedical Image Segmentation},
   url = {http://link.springer.com/10.1007/978-3-319-24574-4\_28},
   year = {2015},
}
@book_section{UNet2016,
   author = {Özgün Çiçek and Ahmed Abdulkadir and Soeren S. Lienkamp and Thomas Brox and Olaf Ronneberger},
   doi = {10.1007/978-3-319-46723-8_49},
   pages = {424-432},
   title = {3D U-Net: Learning Dense Volumetric Segmentation from Sparse Annotation},
   url = {http://link.springer.com/10.1007/978-3-319-46723-8\_49},
   year = {2016},
}
@article{song2015obstructive,
  title={An obstructive sleep apnea detection approach using a discriminative hidden Markov model from ECG signals},
  author={Song, Changyue and Liu, Kaibo and Zhang, Xi and Chen, Lili and Xian, Xiaochen},
  journal={IEEE Transactions on Biomedical Engineering},
  volume={63},
  number={7},
  pages={1532--1542},
  year={2015},
  publisher={IEEE}
}
@inproceedings{ozdemir2016time,
  title={A time-series approach to predict obstructive sleep apnea (OSA) episodes},
  author={Ozdemir, Galip and Nasifoglu, Huseyin and Erogul, Osman},
  booktitle={Proc. 2nd World Congr. Elect. Eng. Comput. Syst. Sci.},
  year={2016}
}
@article{doi:10.1080/0309190021000059687,
author = {BH Brown},
title = {Electrical impedance tomography (EIT): a review},
journal = {Journal of Medical Engineering \& Technology},
volume = {27},
number = {3},
pages = {97-108},
year  = {2003},
publisher = {Taylor & Francis},
doi = {10.1080/0309190021000059687},

URL = { 
        https://doi.org/10.1080/0309190021000059687
    
},
eprint = { 
        https://doi.org/10.1080/0309190021000059687
    
}

}