%% This BibTeX bibliography file was created using BibDesk.
%% http://bibdesk.sourceforge.net/


%% Created for Arni at 2020-09-15 11:33:04 +0100 


%% Saved with string encoding Unicode (UTF-8) 



@book{ELEC0036_PP_2020,
	Author = {A. McKinley},
	Date-Added = {2020-09-15 11:11:21 +0100},
	Date-Modified = {2020-09-15 11:12:58 +0100},
	Month = {20 November},
	Publisher = {Electronic and Eectrical Engineering Department, UCL},
	Title = {A Guide to Writing a Bachelor's Level (BEng) Project Proposal Report},
	Year = {2020}}

@book{Yonge_1856,
	Author = {Yonge, C.D.},
	Date-Added = {2020-03-24 12:04:45 +0000},
	Date-Modified = {2020-03-24 12:05:37 +0000},
	Publisher = {London: Henry G. Bohn},
	Title = {The Orations of Marcus Tullius Cicero},
	Year = {1856}}

@book{ARRLCh5,
	Date-Added = {2020-03-20 12:48:54 +0000},
	Date-Modified = {2020-03-20 12:48:54 +0000},
	Edition = {CD ROM edition},
	Editor = {American Radio Relay League},
	Lastchecked = {August 11, 2018},
	Publisher = {American Radio Relay League},
	Title = {ARRL Antenna Handbook},
	Url = {https://www.qrz.ru/schemes/contribute/arrl/chap5.pdf},
	Bdsk-Url-1 = {https://www.qrz.ru/schemes/contribute/arrl/chap5.pdf}}

@book{ELEC0036_PR_2020,
	Author = {A. McKinley},
	Date-Added = {2020-03-20 12:13:25 +0000},
	Date-Modified = {2020-09-15 11:13:04 +0100},
	Month = {27 February},
	Publisher = {Electronic and Electrical Engineering Department, UCL},
	Title = {A Guide to Writing a Bachelor's Level (BEng) Project Final Report},
	Year = {2020}}

@book{ELEC0036_PIR_2020,
	Author = {A. McKinley},
	Date-Added = {2020-03-20 12:09:53 +0000},
	Date-Modified = {2020-09-15 11:12:41 +0100},
	Month = {20 November},
	Publisher = {Electronic and Eectrical Engineering Department, UCL},
	Title = {A Guide to Writing a Bachelor's Level (BEng) Project Interim Report},
	Year = {2020}}
